<?xml version="1.0" encoding="UTF-8"?><collection><record><leader>09530ntm a2200673 a 4500</leader><controlfield tag="001">005231658</controlfield><controlfield tag="003">MiAaHDL</controlfield><controlfield tag="005">20190719000000.0</controlfield><controlfield tag="006">m        d        </controlfield><controlfield tag="007">cr bn ---auaua</controlfield><controlfield tag="008">060605q14001457|||           000 0 ara  </controlfield><datafield tag="035" ind1=" " ind2=" "><subfield code="a">(MiU)005231658</subfield></datafield><datafield tag="035" ind1=" " ind2=" "><subfield code="a">sdr-miu005231658</subfield></datafield><datafield tag="035" ind1=" " ind2=" "><subfield code="a">(RLIN)MIUG06-B2415</subfield></datafield><datafield tag="040" ind1=" " ind2=" "><subfield code="a">MiU</subfield><subfield code="c">MiU</subfield></datafield><datafield tag="100" ind1="1" ind2=" "><subfield code="6">880-01</subfield><subfield code="a">Ṣafadī, Khalīl ibn Aybak,</subfield><subfield code="d">approximately 1297-1363.</subfield></datafield><datafield tag="245" ind1="1" ind2="0"><subfield code="6">880-03</subfield><subfield code="a">Lawʻat al-shākī wa-damʻat al-bākī,</subfield><subfield code="f">[before 1457].</subfield></datafield><datafield tag="246" ind1="3" ind2=" "><subfield code="i">Title from inscription on added leaf at opening (p.3):</subfield><subfield code="a">كتاب لوعة الشاكي ودمعة الباكي</subfield></datafield><datafield tag="246" ind1="3" ind2=" "><subfield code="i">Title from inscription on added leaf at opening (p.1):</subfield><subfield code="a">كتاب لوعة الشاكي ودمعة الباكي</subfield></datafield><datafield tag="246" ind1="3" ind2=" "><subfield code="i">Edge title (head):</subfield><subfield code="a">لوعة الشاكي</subfield></datafield><datafield tag="260" ind1=" " ind2=" "><subfield code="c">[1400-1457?].</subfield></datafield><datafield tag="300" ind1=" " ind2=" "><subfield code="a">58 leaves :</subfield><subfield code="b">paper ;</subfield><subfield code="c">185 x 140 (130 x 95) mm.</subfield></datafield><datafield tag="500" ind1=" " ind2=" "><subfield code="a">Origin: Lacks dated colophon ; reading / study notice at close of poem on p.105 provides a rough terminus ante quem of 1457-8. Attribution of the poems provided by the same copyist following Lawʻat al-shākī, paper, etc. also suggest early to mid 15th century.</subfield></datafield><datafield tag="500" ind1=" " ind2=" "><subfield code="a">Accompanying materials: a. Inventory cataloguing slip in hand of Winifred Smeaton Thomas -- b. Acquisitions slip from Yahuda.</subfield></datafield><datafield tag="500" ind1=" " ind2=" "><subfield code="a">Former shelfmark: From front flyleaf (p.1) and label on lower cover, "IL 311c" (likely supplied by Yahuda, see acquisitions slip).</subfield></datafield><datafield tag="500" ind1=" " ind2=" "><subfield code="a">Binding: Pasteboards covered in dark brown leather ; Type II binding (with flap, though now lost) ; boards lined in now dull gray and untinted paper with hinges in untinted paper (both trimmed in a scalloped pattern) and untinted paper ; upper and lower covers carry tooled central ornament consisting of a six-petaled flower built up from a series of striated (possibly epigraphic) circular stamps with tooled dots and radiating strokes, as well as scalloped cornerpieces and tooled border in a series of blind rules ; sewn in cream thread, two stations ; endbands gone ; overall in poor condition with loss of flap, significant staining and abrasion (lower cover in particular), lifting and losses of leather (especially at spine, exposing spine lining), delamination of boards, etc. ; fill to lower cover in brown leather.</subfield></datafield><datafield tag="500" ind1=" " ind2=" "><subfield code="a">Support: non-European (likely Arab) laid paper, possibly of more than one type, mainly with 7-8 laid lines per cm. (20 in 26 mm., vertical) and chain lines grouped in threes with 9-11 mm. between chains and 48-52 mm. between groups (see pp.10-11), all not very straight, lightly burnished, fairly smooth ; some leaves tinted orange/beige ; added bifolium at opening on European laid paper with 7-8 laid lines per cm. (vertical), single chain lines spaced 30 mm. apart, and watermark only partially visible.</subfield></datafield><datafield tag="500" ind1=" " ind2=" "><subfield code="a">Decoration: Abbreviation symbols (mainly two-teeth stroke over keywords, etc.) rubricated ; textual dividers in the form of inverted commas in red.</subfield></datafield><datafield tag="500" ind1=" " ind2=" "><subfield code="a">Script: Naskh ; medium, clear 'Syrian' or Egyptian hand ; virtually serifless with mainly curvilinear descenders, elongation of horizontal strokes, pointing in distinct dots, very slight effect of words descending to baseline and of letters inclining to the right, final kāf often mashqūqah, medial kāf often mabsūṭah, many closed counters ; extensively vocalized.</subfield></datafield><datafield tag="500" ind1=" " ind2=" "><subfield code="a">Layout: Written in 17 lines per page ; written area often divided to set off verses.</subfield></datafield><datafield tag="500" ind1=" " ind2=" "><subfield code="a">Collation: I (2), V-4 (8), I (10), IV (18), I+1 (21), 3 V(51), I+1 (54), II (58) ; catchwords present (though absent or cut off at opening) ; pagination in pencil, Western numerals, supplied during digitization (includes added leaves at opening).</subfield></datafield><datafield tag="500" ind1=" " ind2=" "><subfield code="a">Explicit: [Lawʻat al-shākī wa-damʻat al-bākī] "عسى الليالي التي اضنت بفرقتنا جسمي ستجمعني يوما وتجمعه وذلك من لطف الله الكبير وهو عليم بالحال خبير وبالاجابة حقيق وجدير وهو على جمعهم اذا يشاء قدير نجزت الرسالة الموسومة بلوعة الشاكي ودمعة الباكي بحمد لله سبحانه وتعالى وعونه والحمد لله رب العالمين [؟] والصلاة والسلام الاتمان الاكملان الاطيبان الافضلان على سيدنا محمد خاتم النبيين والمرسلين وعلى اله وصحبه اجمعين"</subfield></datafield><datafield tag="500" ind1=" " ind2=" "><subfield code="a">Incipit: [Lawʻat al-shākī wa-damʻat al-bākī] "ولا بد من شكوى الى ذي مروءة يواسيك او يسليك او يتوجع الحمد لله الذي قضى بالمحبة والولوع وحكم باحراق كبد كل عاشق ومولوع ... ولا ممن يشطوا على عقله الوسواس بل انت من جبلة السراة واساطينهم ..."</subfield></datafield><datafield tag="500" ind1=" " ind2=" "><subfield code="a">Title from closing matter on pp.92-93.</subfield></datafield><datafield tag="500" ind1=" " ind2=" "><subfield code="a">Ms. codex.</subfield></datafield><datafield tag="505" ind1="0" ind2=" "><subfield code="a">4. p.106-p.116 : [assorted excerpts, supplied in a different hand and ink].</subfield></datafield><datafield tag="505" ind1="0" ind2=" "><subfield code="a">3. p.103-p.105 : [qaṣīdah attributed to Shams al-Dīn [?] al-Bāʻūnī ] / Shams al-Dīn Muḥammad ibn Shihāb al-Dīn Abī al-ʻAbbās Aḥmad al-Bāʻūnī [?].</subfield></datafield><datafield tag="505" ind1="0" ind2=" "><subfield code="a">2. p.94-p.103 : [takhmīs for the famous qaṣīdah by Ibn Zurayq] / Shams al-Dīn Muḥammad ibn Shihāb al-Dīn Abī al-ʻAbbās Aḥmad al-Bāʻūnī [?].</subfield></datafield><datafield tag="505" ind1="0" ind2=" "><subfield code="a">1. p.5-p.93 : Lawʻat al-shākī wa-damʻat al-bākī / Ṣalāḥ al-Dīn Khalīl ibn Aybak al-Ṣafadī.</subfield></datafield><datafield tag="510" ind1="4" ind2=" "><subfield code="a">Khalidi, W.A.S. "al-Bāʿūnī." EI2,</subfield><subfield code="c">vol.I, p. 1109, col. 1</subfield></datafield><datafield tag="510" ind1="4" ind2=" "><subfield code="a">Brockelmann, C. GAL,</subfield><subfield code="c">II 41 ; S II 38</subfield></datafield><datafield tag="510" ind1="4" ind2=" "><subfield code="a">Brockelmann, C. GAL,</subfield><subfield code="c">I 82 ; S I 133</subfield></datafield><datafield tag="510" ind1="4" ind2=" "><subfield code="a">Rosenthal, F. "Ṣafadī." EI2,</subfield><subfield code="c">vol. VIII, p.759, col.1</subfield></datafield><datafield tag="510" ind1="4" ind2=" "><subfield code="a">Ḥājjī Khalīfah. Kashf al-ẓunūn,</subfield><subfield code="c">v 344</subfield></datafield><datafield tag="510" ind1="4" ind2=" "><subfield code="a">Brockelmann, C. GAL,</subfield><subfield code="c">II 32 (no.10)</subfield></datafield><datafield tag="520" ind1="8" ind2=" "><subfield code="a">Fine but acephalous (though a small portion of the lacking opening has been supplied later on p.4) copy of al-Ṣafadī's (d.1363) maqāmah in rhymed prose and verse on the pangs of love between young men. Followed by two poetic works apparently attributed in the manuscript (see p.94 and p.103) to Shams al-Dīn Abū ʻAbd Allāh Muḥammad ibn Shihāb al-Dīn Abī al-ʻAbbās Aḥmad al-Bāʻūnī (d.1466), though the first of these, a takhmīs on the famous qaṣīdah of ʻAlā al-Dīn ʻAlī Ibn Zurayq (ca. 1029), is elsewhere attributed to his father, Shihāb al-Dīn Abī al-ʻAbbās Aḥmad (d.1413) (see GAL I 81, S I 133 and EI2 vol.I, p. 1109, col. 1). The final leaves of the codex contain additional assorted excerpts supplied in a different hand and ink.</subfield></datafield><datafield tag="538" ind1=" " ind2=" "><subfield code="a">Mode of access: Internet.</subfield></datafield><datafield tag="541" ind1=" " ind2=" "><subfield code="a">Acquired in 1926 from the bookseller Isaac Benjamin S.E. Yahuda via purchase transacted on his behalf by his younger brother, the famous Orientalist and manuscript collector Abraham Shalom Yahuda (1877-1951).</subfield></datafield><datafield tag="546" ind1=" " ind2=" "><subfield code="a">Arabic.</subfield></datafield><datafield tag="561" ind1=" " ind2=" "><subfield code="a">Ownership statement on interior of upper board in name of al-Ḥājj ʻUthmān Afandī ( الحاج عثمان افندى / Hacı Osman Efendi) , one of the students of al-ʻUmarī, statement reads "دخل في ملك الفقير الى مولاه الغني الحنان الحاج عثمان افندى من تلاميذ العمري عفي عنه امين م" ; former owners' marks on front flyleaf (p.1) include statement in name of Muṣṭafá ibn ʻAlāʼ al-Dīn al-Ṣārim [?] ( مصطفى ابن علاء الدين الصارم [?] ), as well as two travel statements (one dated 2 Rabīʻ I 1040 [ca. 9 October 1630]) indicating that al-Shaykh Muḥammad al-Manūfī ( الشيخ محمد المنوفي ) and his son al-Shaykh ʻAbd al-Jawwād ( الشيخ عبد الجواد ) arrived safely to their destination and another seemingly indicating travel in Jumādá I to Istanbul ( قسطنطنية ) with news of al-Sayyid Kamāl al-Dīn ( السيد كمال الدين نقيب السادة الاشراف بدمشق الشام ) [?] ; former owners' marks on added leaf at opening (p.3) include a somewhat lozenge-shaped seal impression (repeated twice), ownership statement in name of one Aḥmad ... [?] (احمد) accompanied by oval seal impression, birth notice [?] dated 5 Muḥarram 1120 [ca. 27 March 1708], and partially effaced ownership statement dated 1292 [1875 or 6] ; reading / study notice and possible ownership statement on lower board lining ; reading / study notice on p.105 dated 862 [1457 or 8] in name of Muḥammad ibn Yūsuf [?] ( محمد بن يوسف [?]) ; occasional marginal corrections ; possible collation marks in the form of three inverted commas in black ink in the margins.</subfield></datafield><datafield tag="600" ind1="1" ind2="0"><subfield code="a">Ibn Zurayq, ʻAlī,</subfield><subfield code="d">d. ca. 1029.</subfield><subfield code="t">Qaṣīdah ʻaynīyah.</subfield></datafield><datafield tag="650" ind1=" " ind2="0"><subfield code="a">Manuscripts, Arabic</subfield><subfield code="z">Michigan</subfield><subfield code="z">Ann Arbor.</subfield></datafield><datafield tag="650" ind1=" " ind2="0"><subfield code="a">Arabic poetry</subfield><subfield code="y">750-1248</subfield><subfield code="x">History and criticism</subfield><subfield code="v">Early works to 1800.</subfield></datafield><datafield tag="650" ind1=" " ind2="0"><subfield code="a">Erotic literature, Arabic</subfield><subfield code="v">Early works to 1800.</subfield></datafield><datafield tag="700" ind1="1" ind2="2"><subfield code="6">880-07</subfield><subfield code="a">Bāʻūnī, Muḥammad ibn Aḥmad,</subfield><subfield code="d">1374 or 1375-1467?</subfield><subfield code="t">Takhmīs Qaṣīdat Ibn Zurayq.</subfield></datafield><datafield tag="773" ind1="0" ind2=" "><subfield code="a">Yahuda Collection.</subfield></datafield><datafield tag="880" ind1="1" ind2="2"><subfield code="6">700-07/</subfield><subfield code="a">باعوني، محمد بن احمد.</subfield><subfield code="t">تخميس قصيدة ابن زريق.</subfield></datafield><datafield tag="880" ind1="1" ind2="0"><subfield code="6">245-03/</subfield><subfield code="a">لوعة الشاكي ودمعة الباكي,</subfield><subfield code="f">[قبل 1457م].</subfield></datafield><datafield tag="880" ind1="1" ind2=" "><subfield code="6">100-01/</subfield><subfield code="a">صفدي، خليل بن أيبك.</subfield></datafield><datafield tag="CID" ind1=" " ind2=" "><subfield code="a">005231658</subfield></datafield><datafield tag="DAT" ind1="0" ind2=" "><subfield code="a">20190719102633.0</subfield><subfield code="b">20190719000000.0</subfield></datafield><datafield tag="DAT" ind1="1" ind2=" "><subfield code="a">20190719090653.0</subfield><subfield code="b">2019-07-19T16:11:04Z</subfield></datafield><datafield tag="DAT" ind1="2" ind2=" "><subfield code="a">2015-10-02T18:00:03Z</subfield></datafield><datafield tag="CAT" ind1=" " ind2=" "><subfield code="a">SDR-MIU</subfield><subfield code="d">EX LIBRIS - ALEPH</subfield><subfield code="l">prepare.pl-004-008</subfield></datafield><datafield tag="FMT" ind1=" " ind2=" "><subfield code="a">BK</subfield></datafield><datafield tag="HOL" ind1=" " ind2=" "><subfield code="0">sdr-miu005231658</subfield><subfield code="a">MiU</subfield><subfield code="b">SDR</subfield><subfield code="c">MIU</subfield><subfield code="p">mdp.39015081446497</subfield><subfield code="s">MIU</subfield><subfield code="1">005231658</subfield></datafield><datafield tag="974" ind1=" " ind2=" "><subfield code="b">MIU</subfield><subfield code="c">MIU</subfield><subfield code="d">20190719</subfield><subfield code="s">lit-dlps-dc</subfield><subfield code="u">mdp.39015081446497</subfield><subfield code="y">1457</subfield><subfield code="r">pd</subfield><subfield code="q">bib</subfield><subfield code="t">non-US bib date2 &lt; 1896</subfield></datafield></record></collection>